<record><leader>00000cas a22000007a 4500</leader><controlfield tag="001">10565452</controlfield><controlfield tag="008">840327d1874187unbuwr ne      0    0eng d</controlfield><datafield ind1=" " ind2=" " tag="010"><subfield code="a">sn 84022752 </subfield></datafield><datafield ind1=" " ind2=" " tag="040"><subfield code="a">NPX</subfield><subfield code="b">eng</subfield><subfield code="c">NPX</subfield><subfield code="d">OCLCQ</subfield></datafield><datafield ind1=" " ind2=" " tag="042"><subfield code="a">msc</subfield></datafield><datafield ind1=" " ind2=" " tag="043"><subfield code="a">n-us-nb</subfield></datafield><datafield ind1="0" ind2="0" tag="245"><subfield code="a">Nebraska Wauhoo reveille.</subfield></datafield><datafield ind1="1" ind2="3" tag="246"><subfield code="a">Wauhoo Nebraska reveille</subfield></datafield><datafield ind1="1" ind2="3" tag="246"><subfield code="a">Nebraska reveille</subfield></datafield><datafield ind1="1" ind2="3" tag="246"><subfield code="a">Wauhoo reveille</subfield></datafield><datafield ind1=" " ind2=" " tag="260"><subfield code="a">Wauhoo [i.e. Wahoo], Neb. :</subfield><subfield code="b">G.W. McLaughlin</subfield></datafield><datafield ind1=" " ind2=" " tag="300"><subfield code="a">v.</subfield></datafield><datafield ind1=" " ind2=" " tag="310"><subfield code="a">Weekly</subfield></datafield><datafield ind1="1" ind2=" " tag="362"><subfield code="a">Began in 1874.</subfield><subfield code="z">Cf. Rowell, 1874.</subfield></datafield><datafield ind1=" " ind2=" " tag="500"><subfield code="a">Editor: G.W. McLaughlin, 1874-&lt;1876&gt;.</subfield></datafield><datafield ind1=" " ind2=" " tag="588"><subfield code="a">Description based on: Vol. 2, no. 39 (Jan. 20, 1876).</subfield></datafield><datafield ind1="1" ind2=" " tag="700"><subfield code="a">McLaughlin, G. W.</subfield></datafield><datafield ind1=" " ind2=" " tag="752"><subfield code="a">United States</subfield><subfield code="b">Nebraska</subfield><subfield code="c">Saunders</subfield><subfield code="d">Wahoo.</subfield></datafield><datafield ind1=" " ind2=" " tag="752"><subfield code="a">United States</subfield><subfield code="b">Nebraska</subfield><subfield code="c">Saunders</subfield><subfield code="d">Wauhoo.</subfield></datafield><datafield ind1="1" ind2=" " tag="029"><subfield code="a">AU@</subfield><subfield code="b">000025818039</subfield></datafield></record>